<?xml version="1.0" encoding="UTF-8"?><collection xmlns="http://www.loc.gov/MARC21/slim"><record><leader>00449nam--2200169-i-4500</leader><controlfield tag="001">000049502</controlfield><controlfield tag="002">20161230</controlfield><controlfield tag="005">20170111004312</controlfield><controlfield tag="008">060222s1000------------r-----000-0-eng-d</controlfield><datafield ind1=" " ind2=" " tag="080"><subfield code="a">543.5</subfield></datafield><datafield ind1=" " ind2=" " tag="100"><subfield code="a">Alihanov, R</subfield></datafield><datafield ind1=" " ind2=" " tag="245"><subfield code="a">Diffrakcionnye issledovaniia donnogo minerala kontinentalnogo shelfa chernogo moria</subfield></datafield><datafield ind1=" " ind2=" " tag="260"><subfield code="a">Bucharest</subfield><subfield code="b">Univ.Fiz</subfield><subfield code="c">1970</subfield></datafield><datafield ind1=" " ind2=" " tag="300"><subfield code="a">29 S</subfield></datafield><datafield ind1=" " ind2=" " tag="700"><subfield code="a">Volzhin, V</subfield></datafield><datafield ind1=" " ind2=" " tag="852"><subfield code="a">32663</subfield></datafield><datafield ind1=" " ind2=" " tag="CAT"><subfield code="a">SYS</subfield><subfield code="c">20170111</subfield><subfield code="h">004312</subfield></datafield></record></collection>